@Phdthesis{Donev:2015,
    author   = {Aleksandar Donev},
    title    = {Typography in Advertising},
    school   = {Univerzita Tomáše Bati ve Zlíně, Fakulta multimediálních komunikací},
    year     = {2015},
    note     = {strana 39},
    url      = {http://hdl.handle.net/10563/36843}
}

@Phdthesis{Graham:1992,
    author   = {Lisa Marie Graham},
    title    = {Typography and graphic arts technology : a discourse of selected historical interrelationships},
    school   = {Iowa State University, Department of Art and Design},
    note   = {strana 55-58},
    year     = {1992},
    url     = "https://lib.dr.iastate.edu/cgi/viewcontent.cgi?article=18621\&context=rtd"
}

@Article{Typografia:1892,
    author  = {{P}olygrafický průmysl Praha (firma)},
    title   = {Historie zavedení umění knihtiskařského v Dánsku},
    journal = {Typografia},
    year    = {1892},
    volume  = {4},
    month   = {červenec},
    pages   = {103–106},
    issn    = {0322-9068}
}


@Misc{Wiki:2004:Typo,
    author      = {{W}ikipedia contributors},
    title       = {Typografie},
    url         = {https://cs.wikipedia.org/wiki/Typografie},
    howpublished   = {Wikimedia Foundation},
    year        = {2004},
    note      = {[Online, datum citace~2.~4.~2020]}
}

@book{Fabel:1981,
    place       = {Praha},
    title       = {Současná typografie},
    publisher   = {Odeon},
    author      = {Karel Fabel},
    year        = {1981},
    isbn        = {01-508-81},
    edition     = {1.}
}

@book{Eric:1931,
    place       = {Boston},
    title       = {An Essay on Typography},
    publisher   = {David R. Godine},
    author      = {Eric, Gill},
    year        = {1993},
    isbn        = {978-0-87923-950-3},
    edition     = {2},
}

@misc{LaTeX:2020,
    author      = {Overleaf},
    title       = {Learn LaTeX in 30 minutes},
    howpublished   = {Overleaf contributors},
    year        = {2020},
    url         = {"https://www.overleaf.com/learn/latex/Learn\_LaTeX\_in\_30\_minutes"},
    note      = {[Online, datum citace 2. 4. 2020]}
}

@misc{Antikva:2006,
    author      = {{P}řispěvatelé Encyklopedie knihy},
    title       = {Antikva},
    howpublished   = {Encyklopedie knihy},
    year        = {2019},
    url         = "http://www.encyklopedieknihy.cz/index.php?title=Antikva\&oldid=17673",
    note      = {[Online, datum citace 2. 4. 2020]}
}

@article{Eye:2012,
    author  = {Paul Shaw, et al.},
    title   = {The line of beauty},
    journal = {Eye magazine},
    year    = {2012},
    month   = {Summer},
    pages   = {103 – 106},
    url     = {http://www.eyemagazine.com/feature/article/the-line-of-beauty},
    note  = {[Online, datum citace 2. 4. 2020]}
}

@article{Design:2011,
    author  = {Designhistory.org},
    title   = {Typographic milestones},
    journal = {Design History},
    year    = {2011},
    url     = {"http://www.designhistory.org/Type\_milestones\_pages/Panatograph.html"},
    note  = {[Online, datum citace 2. 4. 2020]}
}
