@book{KopkaGuideToLatex,
  author={Helmut Kopka and Patrick W. Daly},
  title={\LaTeX~Beginner's Guide},
  publisher={Addison Wesley Longman Limited},
  year={2004},
  pages={646},
  edition = {4},
  address={Garlow, UK},
  isbn={0-201-39825-7}
}

@book{KottwitzLatexBegginersGuide,
  author={Stefan Kottwitz},
  title={\LaTeX~Beginner's Guide},
  publisher={Packt Publishing},
  year={2011},
  month = {březen},
  pages={314},
  address={Birmingham, UK},
  isbn={978-1-847199-86-7}
}


@misc{wiki:Latex,
   author = "{Wikipedia contributors}",
   title = "LaTeX --- {W}ikipedia{,} The Free Encyclopedia",
   year = {2004},
   url = "https://cs.wikipedia.org/wiki/LaTeX",
   note = "[Online; přístup 21.~března~2020]"
}

@INPROCEEDINGS{FITPUB8568,
   author = "Bohuslav K\v{r}ena",
   title = "Zaveden\'{i} p\v{r}edm\v{e}tu Typografie a publikov\'{a}n\'{i} na FIT VUT v Brn\v{e}",
   pages = "57--58",
   booktitle = "Informatika XXI/2008",
   year = 2008,
   location = "Luha\v{c}ovice, CZ",
   publisher = "Konvoj",
   ISBN = "978-80-7302-151-1",
   language = "czech",
   url = "https://www.fit.vut.cz/research/publication/8568"
}

@article{Typografia,
   author = "{Polygrafický průmysl Praha (firma)}",
   journal={Typografia},
   pages = "44",
   volume={1},
   year = 1888,
   month={říjen},
   location = "Praha, CZ",
   publisher = "Karel Krunert",
   ISSN = "0322-9068",
   language = "czech",
   url = "http://www.digitalniknihovna.cz/mzk/view/uuid:def10450-a9ed-11e7-920d-005056827e51?page=uuid:6862cc80-a9f0-11e7-8394-5ef3fc9ae867",
   titleaddon={časopis pro technické a společenské zájmy knihtiskařů}
}

@misc{MartinekObrazky,
  author = {David Martinek},
  title = {Jak vkládat obrázky},
  year = 2008,
  month = feb,
  url = {http://www.fit.vutbr.cz/~martinek/latex/figures.html},
  note = "[Online; přístup 22.~března~2020]"
}

@misc{MartinekCestina,
  author = {David Martinek},
  title = {Jak sázet česky},
  year = 2008,
  month = oct,
  url = {http://www.fit.vutbr.cz/~martinek/latex/czech.html},
  note = "[Online; přístup 22.~března~2020]"
}

@INPROCEEDINGS{LatexClanek,
   author = "Artem Kruglov and Andrey Chiryshev and Evgeniya Shishko",
   title = "Applying of the NVIDIA CUDA to the video processing in the task of the roundwood volume estimation",
   pages = "7",
   booktitle = {{ITM} Web of Conferences},
   editor = {I. Balk and A. Raigorodsky and E. Nikulchev},
   volume = {8},
   year = 2016,
   location = "Yekaterinburg, Russian Federation",
   publisher = "{EDP} Sciences",
   DOI = {https://doi.org/10.1051/itmconf/20160801009},
   url = {https://www.itm-conferences.org/articles/itmconf/abs/2016/03/itmconf_icbda2016_01009/itmconf_icbda2016_01009.html}
}

@MastersThesis{FIT1,
    author = {Karel Píč},
    type = "Diplomov\'{a} pr\'{a}ce",
    title = {Webová aplikace pro hodnocení kvality obrazu a videa},
    school = {Vysok\'{e} u\v{c}en\'{i} technick\'{e} v Brn\v{e}, Fakulta informa\v{c}n\'{i}ch technologi\'{i}},
    year = 2019,
    location = "Brno, CZ",
    language = "czech",
    url = "https://www.fit.vut.cz/study/thesis/22127/"
}

@PHDTHESIS{FIT2,
    author = "Jaroslav Dytrych",
    type = "Diserta\v{c}n\'{i} pr\'{a}ce",
    title = "S\'{e}mantick\'{a} anotace textu",
    school = "Vysok\'{e} u\v{c}en\'{i} technick\'{e} v Brn\v{e}, Fakulta informa\v{c}n\'{i}ch technologi\'{i}",
    year = 2017,
    location = "Brno, CZ",
    language = "czech",
    url = "https://www.fit.vut.cz/study/phd-thesis/548/"
}
